
%
%  $Description: Sample bibliography$ 
% 
%  $Author: ienne $ 
%  $Date: 1995/09/15 15:19:53 $
%  $Revision: 1.3 $
%

@Article{ex1,
   author =   "Jeffrey Dean and Sanjay Ghemawat",
   title =   "MapReduce: Simplified Data Processing on Large Clusters", 
   journal =   "OSDI'04: Sixth Symposium on Operating System Design and Implementation",
   month = "December",
   number = "",
   year =   "2004",
   volume =   "",
   pages =   "",
}

% http://www-01.ibm.com/software/data/infosphere/hadoop/mapreduce/

@Book{ex2,
   author =   "Expert, Andreas Nikolaos", 
   title =   "A Book He Wrote", 
   publisher =   "His Publisher",
   address = "Erewhon, NC",
   year =   "1999"
}


@Article{ex3,
   author =   "Author, Jeffrey Dean Sanjay Ghemawat",
   title =   "bue cenas", 
   journal =   "outras cenas",
   month = "January",
   number = "7",
   year =   "1999",
   volume =   "99",
   pages =   "1-100",
}
